<?xml version="1.0" encoding="UTF-8"?>
<record xmlns="http://www.loc.gov/MARC21/slim" xmlns:xsi="http://www.w3.org/2001/XMLSchema-instance" xsi:schemaLocation="http://www.loc.gov/MARC21/slim http://www.loc.gov/standards/marcxml/schema/MARC21slim.xsd">
<leader>00000cam a22      a 4500</leader>
<controlfield tag="001">001682180</controlfield>
<controlfield tag="003">NNU</controlfield>
<controlfield tag="005">20150804170617.0</controlfield>
<controlfield tag="008">020814s1882    ua            000 0cara</controlfield>
<datafield tag="010" ind1=" " ind2=" ">
<subfield code="a">   59054779</subfield>
</datafield>
<datafield tag="016" ind1="7" ind2=" ">
<subfield code="a">101258605</subfield>
<subfield code="2">DNLM</subfield>
</datafield>
<datafield tag="035" ind1=" " ind2=" ">
<subfield code="a">(OCoLC)50408102</subfield>
<subfield code="z">(OCoLC)23498311</subfield>
<subfield code="z">(OCoLC)187671187</subfield>
</datafield>
<datafield tag="040" ind1=" " ind2=" ">
<subfield code="a">NLM</subfield>
<subfield code="b">eng</subfield>
<subfield code="c">NLM</subfield>
<subfield code="d">UUM</subfield>
<subfield code="d">CGC</subfield>
<subfield code="d">EYM</subfield>
<subfield code="d">OCLCO</subfield>
<subfield code="d">OCLCA</subfield>
<subfield code="d">OCLCQ</subfield>
<subfield code="d">OCLCO</subfield>
<subfield code="d">OCLCF</subfield>
<subfield code="d">NNU</subfield>
</datafield>
<datafield tag="042" ind1=" " ind2=" ">
<subfield code="a">nlmcopyc</subfield>
</datafield>
<datafield tag="043" ind1=" " ind2=" ">
<subfield code="a">aw-----</subfield>
<subfield code="a">ff-----</subfield>
<subfield code="a">e-sp---</subfield>
</datafield>
<datafield tag="050" ind1=" " ind2="4">
<subfield code="a">R144.A1</subfield>
<subfield code="b">I2 1882</subfield>
</datafield>
<datafield tag="060" ind1="0" ind2="0">
<subfield code="a">WZ 290</subfield>
<subfield code="b">I12ub 1882</subfield>
</datafield>
<datafield tag="100" ind1="1" ind2=" ">
<subfield code="6">880-01</subfield>
<subfield code="a">Ibn Abī Uṣaybiʻah, Aḥmad ibn al-Qāsim,</subfield>
<subfield code="d">-1269 or 1270.</subfield>
</datafield>
<datafield tag="240" ind1="1" ind2="0">
<subfield code="6">880-02</subfield>
<subfield code="a">ʻUyūn al-anbāʼ fī ṭabaqāt al-aṭibbāʼ</subfield>
</datafield>
<datafield tag="245" ind1="1" ind2="0">
<subfield code="6">880-03</subfield>
<subfield code="a">Kitāb ʻuyūn al-anbāʼ fī ṭabaqāt al-aṭibbāʼ /</subfield>
<subfield code="c">taʼlīf Muwaffiq al-Dīn Abī al-ʻAbbās Aḥmad ibn al-Qāsim ibn Khalīfah ibn Yūnus al-Saʻdī al-Khazrajī al-maʻrūf bi-Ibn Abī Uṣaybiʻah ; naqalahu min al-fasakh al-mawjūdah fī baʻḍ khazāʼin al-kutub wa-ṣaḥḥahu Umruʼ al-Qays ibn al-Ṭaḥḥān.</subfield>
</datafield>
<datafield tag="250" ind1=" " ind2=" ">
<subfield code="6">880-04</subfield>
<subfield code="a">al-Ṭabʻah 1.</subfield>
</datafield>
<datafield tag="260" ind1=" " ind2=" ">
<subfield code="6">880-05</subfield>
<subfield code="a">[Miṣr] :</subfield>
<subfield code="b">al-Maṭbaʻah al-Wahbīyah,</subfield>
<subfield code="c">1882.</subfield>
</datafield>
<datafield tag="300" ind1=" " ind2=" ">
<subfield code="a">2 volumes in one ;</subfield>
<subfield code="c">24 cm.</subfield>
</datafield>
<datafield tag="336" ind1=" " ind2=" ">
<subfield code="a">text</subfield>
<subfield code="b">txt</subfield>
<subfield code="2">rdacontent</subfield>
</datafield>
<datafield tag="337" ind1=" " ind2=" ">
<subfield code="a">unmediated</subfield>
<subfield code="b">n</subfield>
<subfield code="2">rdamedia</subfield>
</datafield>
<datafield tag="338" ind1=" " ind2=" ">
<subfield code="a">volume</subfield>
<subfield code="b">nc</subfield>
<subfield code="2">rdacarrier</subfield>
</datafield>
<datafield tag="500" ind1=" " ind2=" ">
<subfield code="a">NLM copy, two leaves of paper pasted to front boards of vol. 1 contain ms. notes about the text in Arabic, in 5 different colors of ink and pencil.</subfield>
<subfield code="5">DNLM</subfield>
</datafield>
<datafield tag="561" ind1=" " ind2=" ">
<subfield code="a">NLM copy, bookplate of Lutfi Mustafa Saʻdi.</subfield>
<subfield code="5">DNLM</subfield>
</datafield>
<datafield tag="650" ind1=" " ind2="0">
<subfield code="a">Physicians</subfield>
<subfield code="z">Islamic Empire</subfield>
<subfield code="v">Biography</subfield>
<subfield code="v">Early works to 1800.</subfield>
</datafield>
<datafield tag="650" ind1="1" ind2="2">
<subfield code="a">Physicians</subfield>
<subfield code="v">Biography.</subfield>
</datafield>
<datafield tag="650" ind1="2" ind2="2">
<subfield code="a">Arab World</subfield>
<subfield code="v">Biography.</subfield>
</datafield>
<datafield tag="650" ind1="2" ind2="2">
<subfield code="a">History, Medieval.</subfield>
</datafield>
<datafield tag="650" ind1=" " ind2="7">
<subfield code="a">Physicians.</subfield>
<subfield code="2">fast</subfield>
<subfield code="0">(OCoLC)fst01062841</subfield>
</datafield>
<datafield tag="651" ind1=" " ind2="7">
<subfield code="a">Islamic Empire.</subfield>
<subfield code="2">fast</subfield>
<subfield code="0">(OCoLC)fst01244134</subfield>
</datafield>
<datafield tag="655" ind1=" " ind2="7">
<subfield code="a">Biography.</subfield>
<subfield code="2">fast</subfield>
<subfield code="0">(OCoLC)fst01423686</subfield>
</datafield>
<datafield tag="655" ind1=" " ind2="7">
<subfield code="a">Early works.</subfield>
<subfield code="2">fast</subfield>
<subfield code="0">(OCoLC)fst01411636</subfield>
</datafield>
<datafield tag="700" ind1="1" ind2=" ">
<subfield code="6">880-06</subfield>
<subfield code="a">Ibn al-Ṭaḥḥān, Imruʼ al-Qays.</subfield>
</datafield>
<datafield tag="740" ind1="0" ind2=" ">
<subfield code="6">880-07</subfield>
<subfield code="a">ʻUyūn al-anbĀ fĪ ṭabaqāt al-aṭibbāʼ.</subfield>
</datafield>
<datafield tag="776" ind1="0" ind2="8">
<subfield code="i">Online version:</subfield>
<subfield code="a">Ibn Abī Uṣaybiʻah, Aḥmad ibn al-Qāsim, -1269 or 70.</subfield>
<subfield code="s">ʻUyūn al-anbāʼ fī ṭabaqāt al-aṭibbāʼ.</subfield>
<subfield code="t">Āb ʻuyūn al-anbāʼ fī ṭabaqāt al-aṭibbāʼ.</subfield>
<subfield code="b">al-Ṭabʻah 1.</subfield>
<subfield code="d">[Egypt] : al-Maṭbaʻah al-Wahbīyah, 1882</subfield>
<subfield code="w">(OCoLC)654244020</subfield>
</datafield>
<datafield tag="880" ind1="1" ind2=" ">
<subfield code="6">100-01/</subfield>
<subfield code="a">‏ابن أبي أصيبعة، أحمد بن القاسم،</subfield>
<subfield code="d">-1269 or 1270.</subfield>
</datafield>
<datafield tag="880" ind1="1" ind2="0">
<subfield code="6">240-02/</subfield>
<subfield code="a">‏عيون الأنباء في طبقات الأطباء.‏</subfield>
</datafield>
<datafield tag="880" ind1="1" ind2="3">
<subfield code="6">245-03/</subfield>
<subfield code="a">‏كتاب عيون الأنباء في طبقات الأطباء /‏</subfield>
<subfield code="c">‏تأليف موفق الدين أبي العباس أحمد بن القاسم بن خليفة بن يونس السعدي الخزرجي المعروف بابن أبي أصيبعة ؛ نقله من النسخ الموجودة في بعض خزائن الكتب وصححه إمرؤ القيس بن الطحان.</subfield>
</datafield>
<datafield tag="880" ind1=" " ind2=" ">
<subfield code="6">250-04/</subfield>
<subfield code="a">‏الطبعة 1.</subfield>
</datafield>
<datafield tag="880" ind1=" " ind2=" ">
<subfield code="6">260-05/</subfield>
<subfield code="a">[مصر] :</subfield>
<subfield code="b">المطبعة الوهبية،</subfield>
<subfield code="c">1882.</subfield>
</datafield>
<datafield tag="880" ind1="1" ind2=" ">
<subfield code="6">700-06/</subfield>
<subfield code="a">ابن الطحان، امرؤ القيس.</subfield>
</datafield>
<datafield tag="880" ind1="0" ind2=" ">
<subfield code="6">740-07/</subfield>
<subfield code="a">عيون الأنباء في طبقات الأطباء.</subfield>
</datafield>
<datafield tag="OWN" ind1=" " ind2=" ">
<subfield code="a">GENERAL</subfield>
</datafield>
<datafield tag="AVA" ind1=" " ind2=" ">
<subfield code="a">NYU50</subfield>
<subfield code="b">BOBST</subfield>
<subfield code="c">Main Collection</subfield>
<subfield code="d">R144.A1 I3</subfield>
<subfield code="e">unavailable</subfield>
<subfield code="t">Unavailable</subfield>
<subfield code="f">1</subfield>
<subfield code="g">1</subfield>
<subfield code="h">Y</subfield>
<subfield code="i">4</subfield>
<subfield code="j">MAIN</subfield>
<subfield code="k">0</subfield>
</datafield>
</record>
